% This file was created with JabRef 2.6.
% Encoding: Cp1252

% Dieser Eintrag kann nun mit /cite{XXXKEY} im Dokument referenziert werden.

%@MISC{XXXKEY,
%  author = {Author Name},
%  title = {Dokument Titel},
%  howpublished = {\url{http://example.com}},
%  note = {[Online; Zugriff 07.04.2011]},
%  url = {http://example.com}
%}